% This file was created with JabRef 2.6.
% Encoding: Cp1252
% Article = journal
% inproceedings = conference
% techreport = internal reports, not yet published




@TechReport{Aswani2011LBMPC,
author = {Anil Aswani and Humberto Gonzalez and Shankar S. Sastry and Claire Tomlin},
title = {Provable Safe and Robust Learning-Based Model Predictive Control} ,
institution = {Department of Electrical Engineering and Computer Sciences, University of California, Berkeley},
year = {2011}
}

@INPROCEEDINGS{Bartlett2000ASMvsIPM, 
author={R. A. Bartlett, and A. W\''achter and L. T. Biegler}, 
booktitle={American Control Conference, 2000. Proceedings of the 2000}, 
title={Active set vs. interior point strategies for model predictive control}, 
year={2000}, 
volume={6}, 
pages={4229 -4233 vol.6}, 
keywords={active set method;interior point method;linearization;model predictive control;nonlinear control systems;quadratic programming;receding time horizon;approximation theory;linearisation techniques;matrix algebra;nonlinear control systems;predictive control;quadratic programming;}
}

@Article {Bemporad2002ExplLGQ,
    author={Alberto Bemporad and Manfred Morari and Vivek Dua and Efstratios N. Pistikopoulos},
    title={The Explicit Linear Quadratic Regulator for Constrained Systems},
    journal={Automatica},
    year={2002},
    volume={38},
    number={1},
    pages={3--20},
    month={jan}
}

@Book{Borrelli2011Book,
author = {Francesco Borrelli and Alberto Bemporad and Manfred Morari},
title = {Predictive Control for Linear and Hybrid Systems},
publisher = {Cambridge University Press},
year = {2011},
annote = {in press}
}

@Book{Boyd2004ConvOpt,
author = {Stephen Boyd and Lieven Vandenberghe},
title = {Convex Optimization},
publisher = {Cambridge University Press},
year = {2004},
edition = {1st}
}

@INPROCEEDINGS{Cho2003, 
author={E.G. Cho and K.A. Thoney and T.J. Hodgson and R.E. King}, 
booktitle={Simulation Conference, 2003. Proceedings of the 2003 Winter}, 
title={Rolling horizon scheduling of multi-factory supply chains}, 
year={2003}, 
month={dec.}, 
volume={2}, 
pages={ 1409 -- 1416}
}

@Misc{CPLEX,
author = {Available: http://www.ibm.com/software/integration/ optimization/cplex-optimization-studio/},
title = {CPLEX},
howpublished = {ONLINE}
}


@Book{Fiacco1968,
author = {Anthony V. Fiacco and Garth P. McCormick},
title = {Nonlinear Programming: Sequential Unconstrained Minimization Techniques},
publisher = {John Wiley and Sons},
year = {1968},
address = {New York}
}

@Book{Fletcher1987,
author = {Roger Fletcher},
title = {Practical Methods of Optimization},
publisher = {Wiley},
year = {1987},
edition = {2}
}


@InProceedings{Frisch1955,
author = {K. R. Frisch},
title = {The logarithmic potential method of convex programming},
year = {1955},
organization = {University Institute of Economics, Oslo, Norway},
publisher = {unpublished manuscript}
}

@Article{Garcia1988,
author = {Carlos E. Garcia and David M. Prett and Manfred Morari},
title = {Model predictive control: Theory and practice -- A survey},
journal = {Automatica},
year = {1989},
volume = {25},
number = {3},
pages = {335--348}
}

@Article{Gertz2003OOQP,
author = {E. M. Gertz and S. J. Wright},
title = {Object-Oriented Software for Quadratic Programming},
journal = {ACM TRANSACTIONS ON MATHEMATICAL SOFTWARE},
year = {2003},
volume = {29},
number = {1},
pages = {58-81}
}

@Manual{Gill1986LSSOL,
title = {LSSOL 1.0 Uers's Guide},
author = {P. E. Gill and S. J. Hammerling and W. Murray and M. A. Saunders and M. H. Wright},
organization = {Stanford Systems Optimization Laboratory},
year = {1986}
}



@Booklet{Jorgensen2006,
author = {John Bagterp Jørgensen},
title = {Quadratic Optimization, Primal-Dual Interior-Point Algorithm},
howpublished = {Lecture notes for course 02611: Optimization Algorithms and Data-Fitting},
month = {November},
year = {2006}
}

@PhdThesis{Herzog2005,
author = {Florian Herzog},
title = {Strategic portfolio management for long-term investments},
school = {ETH Zurich},
year = {2005};
address = {Zurich}
}


@Article{Karmakar1984,
author = {Narendra Karmakar},
title = {A new polynomial time algorithm for linear programming},
journal = {Combinatorica 4},
year = {1984},
pages = {373--395}
}


@Article{Kolmanovsky1998,
	author = {Ilya Kolmanovsky and Elmer G. Gilbert},
	title = {Theory and computation of disturbance invariant sets for discrete-time linear systems},
	journal = {Mathematical Problems in Engineering},
	year = {1998},
	volume = {4},
	number = {4},
	pages = {317-367},
}

@MastersThesis{Krueth2008,
author = {Thomas Reslow Kr\"uth},
title = {Interior-Point Algorithms for Quadratic Programming},
school = {Technical University of Denmark},
year = {2008}
}

@Book{Kwon2005,
author = {W. H. Kwon and S. Han},
title = {Receding Horizon Control},
publisher = {Springer Verlag},
year = {2005},
OPTaddress = {New York}
}


@article{Limon2008MPCtrackingConstrainedLS,
	title = {MPC for tracking piecewise constant references for constrained linear systems},
	journal = {Automatica},
	volume = {44},
	number = {9},
	pages = {2382 - 2387},
	year = {2008},
	issn = {0005-1098},
	author = {D. Limon and I. Alvarado and T. Alamo and E.F. Camacho},
	keywords = {Model predictive control},
	keywords = {State and input constraints},
	keywords = {Steady-state tracking}
}

@Article{Limon2010RobustTubeBasedMPC, 
	title={Robust tube-based MPC for tracking of constrained linear systems with additive disturbances}, 
	volume={20}, 
 	number={3}, 
 	journal={Journal of Process Control}, 
 	publisher={Elsevier Ltd}, 
 	author={Limon, D and Alvarado, I and Alamo, T and Camacho, E F}, 
 	year={2010}, 
 	pages={248--260}
}

@Misc{LSSOL,
author = {available: http://www.stanford.edu/group/SOL/lssol.htm},
title = {LSSOL},
OPThowpublished = {online}
}

@Article{Mehrotra1992PDIPM,
author = {Sanjay Mehrotra},
title = {On the implementation of a primal-dual interior point method},
journal = {SIAM Journal on Optimization},
year = {1992},
volume = {2},
number = {4},
pages = {575--601}
}


@Article{Meszros2008NumIssueIPM,
author = {Csaba M\'esz\'ros},
title = {On Numerical Issues of Interior Point Methods},
journal = {SIAM Journal on Matrix Analysis and Applications},
year = {2008},
volume = {30},
number = {1},
pages = {223-235}
}


@Article {Monteiro1989_1,
   author = {Renato D. C. Monteiro and Ilan Adler},
   affiliation = {Department of Industrial Engineering and Operations Research University of California 94720 Berkeley CA USA},
   title = {Interior path following primal-dual algorithms. part I: Linear programming},
   journal = {Mathematical Programming},
   publisher = {Springer Berlin / Heidelberg},
   keyword = {Mathematics and Statistics},
   pages = {27-41},
   volume = {44},
   issue = {1},
   year = {1989}
}

@article {Monteiro1989_2,
   author = {Renato D. C. Monteiro and Ilan Adler},
   affiliation = {Department of Industrial Engineering and Operations Research University of California 94720 Berkeley CA USA},
   title = {Interior path following primal-dual algorithms. part II: Convex quadratic programming},
   journal = {Mathematical Programming},
   publisher = {Springer Berlin / Heidelberg},
   keyword = {Mathematics and Statistics},
   pages = {43-66},
   volume = {44},
   issue = {1},
   year = {1989}
}

@Book{Nocedal2000NumOpt,
author = {Jorge Nocedal and Stephen J. Wright},
title = {Numerical Optimization},
publisher = {Springer},
year = {2000},
key = {978-0387987934},
series = {Springer Series in Operation Research and Financial Engineering},
edition = {2nd},
month = {April}
}

@PhdThesis{Ponceleon1991,
author = {Dulce B. Poncele\'on},
title = {Barrier Methods for Large-Scale Quadratic Programming},
school = {Stanford University},
year = {1991}
}

@article{Potra2000IPM,
title = {Interior-point methods},
journal = {Journal of Computational and Applied Mathematics},
volume = {124},
number = {1-2},
pages = {281 - 302},
year = {2000},
author = {Florian A. Potra and Stephen J. Wright}
}

@Article{Qin03asurvey,
author = {S. Joe Qin and Thomas A. Badgwell},
title = {A survey of industrial model predictive control technology},
journal = {Control Engineering Practice},
year = {2003},
volume = {11},
number = {7},
pages = {733--764}
}

@ARTICLE{Rao98IMP2MPC,
    author = {Christopher V. Rao and Stephen J. Wright and James B. Rawlings},
    title = {Application of interior-point methods to model predictive control},
    journal = {Journal of Optimization Theory and Applications},
    year = {1998},
    volume = {99},
    pages = {723--757}
}

@INPROCEEDINGS{Shahzad2010WellCondIPM, 
author={A. Shahzad and E. C. Kerrigan and G. A. Constantinides}, 
booktitle={Decision and Control (CDC), 2010 49th IEEE Conference on}, 
title={A fast well-conditioned interior point method for predictive control}, 
year={2010}, 
month={dec.}, 
pages={508 -513}, 
keywords={approximate linear system;computational complexity;iterative method;predictive control;quadratic programming;well conditioned interior point method;iterative methods;linear systems;predictive control;quadratic programming;}
}


@Misc{SNOPT,
author = {http://www.sbsi-sol-optimize.com/asp/sol\_product\_snopt.htm},
title = {SNOPT},
howpublished = {online}
}

@article {Spjotvold2007ContSelofQP,
   author = {Jørgen Spjøtvold and Petter Tøndel and Tor A. Johansen},
   affiliation = {Department of Engineering Cybernetics, Norwegian University of Science and Technology, Trondheim, Norway},
   title = {Continuous Selection and Unique Polyhedral Representation of Solutions to Convex Parametric Quadratic Programs},
   journal = {Journal of Optimization Theory and Applications},
   publisher = {Springer Netherlands},
   issn = {0022-3239},
   keyword = {Computer Science},
   pages = {177-189},
   volume = {134},
   issue = {2},
   year = {2007}
}

@InProceedings{Tondel01,
author = {P. Tøndel and T.A. Johansen and A. Bemporad},
booktitle={Decision and Control, 2001. Proceedings of the 40th IEEE Conference on}, 
title = {An Algorithm for Multi-Parametric Quadratic Programming and Explicit MPC Solutions},
pages = {1199 -1204},
year = {2001},
volume = {2},
keywords={constrained linear model-predictive control problems;efficiency;explicit solutions;exploration strategy;multi-parametric piecewise linear solution;multi-parametric quadratic programming algorithm;parameter space subdivision;partitioning;polyhedral state-space partition;problem solving;state vector components;piecewise linear techniques;predictive control;problem solving;quadratic programming;state-space methods;}
}

@Manual{VanderbreiLOQO,
title = {LOQO: An Interior Point Code for Quadratic Programming},
author = {Robert J. Vanderbrei},
organization = {Statistics and Operations Research, Princeton University},
address = {SOR-94-15},
month = {November},
year = {1998}
}

@Article{Wang2010FastMPC,
author = {Yang Wang and Stephen Boyd},
title = {Fast Model Predictive Control Using Online Optimization},
journal = {IEEE Transactions on Control Systems Technology},
year = {2010},
volume = {18},
number = {2},
pages = {267-278},
month = {March}
}

@Book{Wittle1982,
author = {P. Wittle},
title = {Optimization Over Time},
publisher = {Wiley},
year = {1982},
OPTaddress = {New York}
}

@Book{Wright1997PDIPM,
author = {Stephen Wright},
title = {Primal-Dual Interior-Point Methods},
publisher = {SIAM, Society for Industrial and Applied Mathematics},
year = {1997}
}

@Article{Wright1997StabAugSystemFact,
author = {Stephen Wright},
title = {Stability of Augmented System Factorizations in Interior-Point Methods},
journal = {SIAM Journal on Matrix Analysis and Applications},
year = {1997},
volume = {18},
number = {1},
pages = {191-222}
}

@Article{Wright1995StabilityLinEqSolversIPM,
author = {Stephen Wright},
title = {Stability of Linear Equations Solvers in Interior-Point Methods},
journal = {SIAM Journal on Matrix Analysis and Applications},
year = {1995},
volume = {16},
number = {4},
}



@INPROCEEDINGS{Wright97applyingnew,
    author = {Stephen Wright},
    title = {Applying New Optimization Algorithms To Model Predictive Control},
    booktitle = {Fifth International Conference on Chemical Process Control -- CPC V},
    year = {1997},
    pages = {147--155},
    publisher = {CACHE Publications}
}

@Article{Wright1999ModChol,
author = {Stephen Wright},
title = {Modified Cholesky factorizations in interior-point algorithms for linear programming},
journal = {SIAM Journal on Optimization},
year = {1999},
volume = {9},
number = {4},
pages = {1159--1191}
}





